@article{alibi,
author = {Klaise, Janis and Van Looveren, Arnaud and Vacanti, Giovanni and Coca, Alexandru},
journal = {Journal of Machine Learning Research},
month = jun,
number = {181},
pages = {1--7},
title = {{Alibi Explain: Algorithms for Explaining Machine Learning Models}},
url = {http://jmlr.org/papers/v22/21-0017.html},
volume = {22},
year = {2021}
}

@inproceedings{stanza,
    title={Stanza: A {Python} Natural Language Processing Toolkit for Many Human Languages},
    author={Qi, Peng and Zhang, Yuhao and Zhang, Yuhui and Bolton, Jason and Manning, Christopher D.},
    booktitle = "Proceedings of the 58th Annual Meeting of the Association for Computational Linguistics: System Demonstrations",
    year={2020}
}

@inproceedings{gensim,
address = {Valetta, MT},
author = {Řehůřek, Radim and Sojka, Petr},
month = may,
pages = {45--50},
publisher = {University of Malta},
series = {Proceedings of LREC 2010 workshop New Challenges for NLP Frameworks},
title = {{Software Framework for Topic Modelling with Large Corpora}},
url = {http://is.muni.cz/publication/884893/en},
year = {2010}
}

@software{tensorflow,
author = {Abadi, Martín and Agarwal, Ashish and Barham, Paul and Brevdo, Eugene and Chen, Zhifeng and Citro, Craig and Corrado, Greg S. and Davis, Andy and Dean, Jeffrey and Devin, Matthieu and Ghemawat, Sanjay and Goodfellow, Ian and Harp, Andrew and Irving, Geoffrey and Isard, Michael and Jozefowicz, Rafal and Jia, Yangqing and Kaiser, Lukasz and Kudlur, Manjunath and Levenberg, Josh and Mané, Dan and Schuster, Mike and Monga, Rajat and Moore, Sherry and Murray, Derek and Olah, Chris and Shlens, Jonathon and Steiner, Benoit and Sutskever, Ilya and Talwar, Kunal and Tucker, Paul and Vanhoucke, Vincent and Vasudevan, Vijay and Viégas, Fernanda and Vinyals, Oriol and Warden, Pete and Wattenberg, Martin and Wicke, Martin and Yu, Yuan and Zheng, Xiaoqiang},
doi = {10.5281/zenodo.4724125},
license = {Apache-2.0},
month = nov,
title = {{TensorFlow, Large-scale machine learning on heterogeneous systems}},
year = {2015}
}

@software{striprtf,
author = {Cyriac, Joshy},
license = {BSD-3-Clause},
month = nov,
title = {{striprtf: Stripping rtf to plain old text}},
year = {2023}
}